@article{bianchi2023novel,
  title={A novel distributed architecture for unmanned aircraft systems based on Robot Operating System 2},
  author={Bianchi, Lorenzo and Carnevale, Daniele and Del Frate, Fabio and Masocco, Roberto and Mattogno, Simone and Romanelli, Fabrizio and Tenaglia, Alessandro},
  journal={IET Cyber-Systems and Robotics},
  volume={5},
  number={1},
  pages={e12083},
  year={2023},
  publisher={Wiley Online Library}
},
@inproceedings{cowan1993design,
  title={Design and test of electromechanical actuators for thrust vector control},
  author={Cowan, JR and Weir, Rae Ann},
  booktitle={NASA. Ames Research Center, The 27th Aerospace Mechanisms Symposium},
  year={1993}
},
@article{elkady2013structured,
  title={A structured approach for modular design in robotics and automation environments},
  author={Elkady, Ayssam and Joy, Jovin and Sobh, Tarek and Valavanis, Kimon},
  journal={Journal of intelligent \& robotic systems},
  volume={72},
  pages={5--19},
  year={2013},
  publisher={Springer}
},
